%%
%% IEEEconfabrv.bib
%%
%% Abbreviations for popular conferences and journals not covered


%%%%%%%%%%%%%%%%%%%
%% IEEE Conference
%%%%%%%%%%%%%%%%%%%

%%%%%%%%%%%%%%%%%%%
%% IEEE Journals
%%%%%%%%%%%%%%%%%%%


@STRING{IEEE_T_ROB        = "{IEEE} Trans. Rob."},
@STRING{IEEE_ICRA         = "{IEEE} Intl. Conf. Robot. Automat. (ICRA)"}
@STRING{IEEE_IROS         = "{IEEE} Intl. Conf. Intel. Rob. Sys. (IROS)"}
@STRING{IEEE_ICRA_WS_OSR  = "{IEEE} ICRA: Workshop on Open Source Robotics"}
