@INPROCEEDINGS{kaess2011,
author={M. Kaess and H. Johannsson and R. Roberts and V. Ila and
J. Leonard and F. Dellaert},
booktitle={2011 IEEE International Conference on Robotics and
Automation},
title={iSAM2: Incremental smoothing and mapping with fluid
relinearization and incremental variable reordering},
year={2011},
volume={},
number={},
pages={3281-3288},
keywords={Bayes methods;mobile robots;SLAM (robots);sparse
matrices;tree data structures;iSAM2;fluid relinearization;incremental
variable reordering;graph based version;incremental smoothing and
mapping;graphical model based interpretation;sparse matrix
factorization methods;Bayes tree data structure;square root
information matrix;Bayes tree;mobile robots;SLAM;Simultaneous
localization and mapping;Graphical models;Smoothing methods;Sparse
matrices;Accuracy;Trajectory},
doi={10.1109/ICRA.2011.5979641},
ISSN={1050-4729},
month={May},}

@inproceedings{olson2011,
  added-at = {2011-08-17T00:00:00.000+0200},
    author = {Olson, Edwin},
      biburl =
  {https://www.bibsonomy.org/bibtex/207cb9d7a743eabe6c7bd3fe93588db40/dblp},
    booktitle = {ICRA},
      ee = {http://dx.doi.org/10.1109/ICRA.2011.5979561},
        interhash = {97d2dacc7d9bc6921de56458a5c33085},
	  intrahash = {07cb9d7a743eabe6c7bd3fe93588db40},
	    keywords = {dblp},
	      pages = {3400-3407},
	        publisher = {IEEE},
		  timestamp = {2011-08-18T11:33:16.000+0200},
		    title = {AprilTag: A robust and flexible visual
  fiducial system.},
    url =
  {http://dblp.uni-trier.de/db/conf/icra/icra2011.html#Olson11},
    year = 2011
    }

@inproceedings{quigley2009,
  title={ROS: an Open-Source Robot Operating System},
    author={Quigley, Morgan and Gerkey, Brian and Conley, Ken and
  Faust, Josh and Foote, Tully and Leibs, Jeremy and Berger, Eric and
  Wheeler, Rob and Ng, Andrew},
    booktitle={Proceedings of the Open-Source Software Workshop of the
  International Conference on Robotics and Automation},
    year={2009}
}

@misc{tagslam,
 author = {Bernd G. Pfrommer},
 title = {TagSlam},
 year = {2019},
 publisher = {GitHub},
 journal = {GitHub repository},
 howpublished =
  {\url{https://github.com/berndpfrommer/tagslam}},
    commit = {54dfd61c00ea5959177c671e6163908426d73632}
}
   
@article{cadena2016,
 author = {Cadena, Cesar and Carlone, Luca and Carrillo, Henry and
 Latif, Yasir and Scaramuzza, Davide and Neira, Jose and Reid, Ian and
 Leonard, John J.},
  title = {Past, Present, and Future of Simultaneous Localization and
 Mapping: Toward the Robust-Perception Age},
  journal = {Trans. Rob.},
   issue_date = {December 2016},
   volume = {32},
   number = {6},
     month = dec,
       year = {2016},
        issn = {1552-3098},
	 pages = {1309--1332},
	  numpages = {24},
	    doi = {10.1109/TRO.2016.2624754},
	     acmid = {3024246},
	      publisher = {IEEE Press},
	       address = {Piscataway, NJ, USA},
}

@techreport{westman2018,
  author       = {Eric Westman and Michael Kaess},
  title        = {Underwater AprilTag SLAM and calibration for high precision robot localization},
  institution  = {Carnegie Mellon University},
  year         = 2018,
  month        = 10,
  number       = CMU-RI-TR-18-43,
  address      = {Pittsburgh, PA, USA}
}

@inproceedings{kayhani2019,
author = {Kayhani, Navid and Heins, Adam and Zhao, Wenda and Nahangi, Mohammad and Mccabe, Brenda and P Schoellig, Angela},
year = {2019},
month = {05},
pages = {},
title = {Improved Tag-based Indoor Localization of UAVs Using Extended Kalman Filter},
booktitle = {
36th International Symposium on Automation and Robotics in Construction (ISARC 2019)},
doi = {10.22260/ISARC2019/0083}
}


@inproceedings{jin2017,
  author    = {Pengju Jin and Pyry Matikainen and Siddhartha S. Srinivasa},
  title     = {Sensor fusion for fiducial tags: Highly robust pose estimation from single frame {RGBD}},
  booktitle = {2017 {IEEE/RSJ} International Conference on Intelligent Robots and Systems, {IROS} 2017, Vancouver, BC, Canada, September 24-28, 2017},
  pages     = {5770--5776},
  year      = {2017},
  doi       = {10.1109/IROS.2017.8206468},
  timestamp = {Tue, 19 Dec 2017 09:47:29 +0100},
  biburl    = {https://dblp.org/rec/bib/conf/iros/JinMS17},
  bibsource = {dblp computer science bibliography, https://dblp.org}
}
@inproceedings{pfrommer2017,
  author    = {Bernd Pfrommer and
               Nitin Sanket and
               Kostas Daniilidis and
               Jonas Cleveland},
  title     = {PennCOSYVIO: {A} challenging Visual Inertial Odometry benchmark},
  booktitle = {2017 {IEEE} International Conference on Robotics and Automation, {ICRA}
               2017, Singapore, May 29 - June 3, 2017},
  pages     = {3847--3854},
  year      = {2017},
  doi       = {10.1109/ICRA.2017.7989443},
  timestamp = {Wed, 26 Jul 2017 15:17:30 +0200},
  biburl    = {https://dblp.org/rec/bib/conf/icra/PfrommerSDC17},
  bibsource = {dblp computer science bibliography, https://dblp.org}
}

@inproceedings{neunert2016,
  author    = {Michael Neunert and Michael Bloesch and Jonas Buchli},
  title     = {An open source, fiducial based, visual-inertial motion capture system},
  booktitle = {19th International Conference on Information Fusion, {FUSION} 2016,
               Heidelberg, Germany, July 5-8, 2016},
  pages     = {1523--1530},
  year      = {2016},
  timestamp = {Sun, 30 Apr 2017 09:41:40 +0200},
  biburl    = {https://dblp.org/rec/bib/conf/fusion/NeunertBB16},
  bibsource = {dblp computer science bibliography, https://dblp.org}
}


@inproceedings{wang2016,
  author    = {John Wang and Edwin Olson},
  title     = {AprilTag 2: Efficient and robust fiducial detection},
  booktitle = {{IROS}},
  pages     = {4193--4198},
  publisher = {{IEEE}},
  year      = {2016}
}

@book{ma2003,
 author = {Ma, Yi and Soatto, Stefano and Kosecka, Jana and Sastry, S. Shankar},
 title = {An Invitation to 3-D Vision: From Images to Geometric Models},
 year = {2003},
 isbn = {0387008934},
 publisher = {SpringerVerlag},
}

@article{fischler1981,
 author = {Fischler, Martin A. and Bolles, Robert C.},
 title = {Random Sample Consensus: A Paradigm for Model Fitting with Applications to Image Analysis and Automated Cartography},
 journal = {Commun. ACM},
 issue_date = {June 1981},
 volume = {24},
 number = {6},
 month = jun,
 year = {1981},
 issn = {0001-0782},
 pages = {381--395},
 numpages = {15},
 doi = {10.1145/358669.358692},
 acmid = {358692},
 publisher = {ACM},
 address = {New York, NY, USA},
 keywords = {automated cartography, camera calibration, image matching, location determination, model fitting, scene analysis},
}

@article{sun2018,
  author    = {Ke Sun and
               Kartik Mohta and
               Bernd Pfrommer and
               Michael Watterson and
               Sikang Liu and
               Yash Mulgaonkar and
               Camillo J. Taylor and
               Vijay Kumar},
  title     = {Robust Stereo Visual Inertial Odometry for Fast Autonomous Flight},
  journal   = {{IEEE} Robotics and Automation Letters},
  volume    = {3},
  number    = {2},
  pages     = {965--972},
  year      = {2018},
  timestamp = {Thu, 22 Mar 2018 15:12:06 +0100},
}

@article{quigley2018,
  author    = {Morgan Quigley and
               Kartik Mohta and
               Shreyas S. Shivakumar and
               Michael Watterson and
               Yash Mulgaonkar and
               Mikael Arguedas and
               Ke Sun and
               Sikang Liu and
               Bernd Pfrommer and
               Vijay Kumar and
               Camillo J. Taylor},
  title     = {The Open Vision Computer: An Integrated Sensing and Compute System
               for Mobile Robots},
  journal   = {CoRR},
  volume    = {abs/1809.07674},
  year      = {2018},
  archivePrefix = {arXiv},
  eprint    = {1809.07674},
  timestamp = {Fri, 05 Oct 2018 11:34:52 +0200},
  biburl    = {https://dblp.org/rec/bib/journals/corr/abs-1809-07674},
  bibsource = {dblp computer science bibliography, https://dblp.org}
}

@article{murartal2016,
  added-at = {2016-11-02T00:00:00.000+0100},
  author = {Mur-Artal, Raul and Tard√≥s, Juan D.},
  biburl = {https://puma.ub.uni-stuttgart.de/bibtex/2a413527bf7d0967e5d435868a7fc9cca/dblp},
  ee = {http://arxiv.org/abs/1610.06475},
  interhash = {47207bbf59cacf7c4406ed4c39c4d625},
  intrahash = {a413527bf7d0967e5d435868a7fc9cca},
  journal = {CoRR},
  keywords = {dblp},
  timestamp = {2016-11-03T11:34:05.000+0100},
  title = {ORB-SLAM2: an Open-Source SLAM System for Monocular, Stereo and RGB-D Cameras.},
  volume = {abs/1610.06475},
  year = 2016
}

@article{ozaslan2017,
author = {Ozaslan, Tolga and Loianno, Giuseppe and Keller, James and Jose Taylor, Camillo and Kumar, Vijay and M. Wozencraft, Jennifer and Hood, Thomas},
year = {2017},
month = {04},
pages = {1-1},
title = {Autonomous Navigation and Mapping for Inspection of Penstocks and Tunnels With MAVs},
volume = {PP},
journal = {IEEE Robotics and Automation Letters},
doi = {10.1109/LRA.2017.2699790}
}
